<collection xmlns="http://www.loc.gov/MARC21/slim">
<record>
  <leader>01508nam0a22003011i 450 </leader>
  <controlfield tag="001">IT\ICCU\CNCE\051017</controlfield>
  <controlfield tag="005">20000906000000.0</controlfield>
  <datafield tag="012" ind1=" " ind2=" ">
    <subfield code="a">e.el uter o.uo AcDa (3) 1588 (A)</subfield>
    <subfield code="2">fei</subfield>
  </datafield>
  <datafield tag="100" ind1=" " ind2=" ">
    <subfield code="a">20000906d1588        0itac0103    ba</subfield>
  </datafield>
  <datafield tag="101" ind1=" " ind2=" ">
    <subfield code="a">LAT</subfield>
  </datafield>
  <datafield tag="102" ind1=" " ind2=" ">
    <subfield code="a">IT</subfield>
  </datafield>
  <datafield tag="200" ind1="1" ind2=" ">
    <subfield code="a">℗Emmanuelis Aluari e Societate Iesu, ℗De institutione grammatica, libri tres ... Orthographiae Aldi Mannuccii Paulli f. Aldi n. compendiolum. Adiunximus praeterea alphabetum graecum, &amp; hebraeum</subfield>
  </datafield>
  <datafield tag="210" ind1=" " ind2=" ">
    <subfield code="a">Venetiis</subfield>
    <subfield code="c">apud Altobellum Salicatium</subfield>
    <subfield code="d">1588</subfield>
  </datafield>
  <datafield tag="215" ind1=" " ind2=" ">
    <subfield code="a">\16!, 334, \3!, 2-27, \3! p.</subfield>
    <subfield code="d">8ʻ</subfield>
  </datafield>
  <datafield tag="620" ind1=" " ind2=" ">
    <subfield code="a">IT</subfield>
    <subfield code="d">Venezia</subfield>
  </datafield>
  <datafield tag="700" ind1=" " ind2="1">
    <subfield code="a">Alvares,</subfield>
    <subfield code="b">Manuel</subfield>
    <subfield code="3">IT\ICCU\CNCA\000637</subfield>
  </datafield>
  <datafield tag="702" ind1=" " ind2="1">
    <subfield code="a">Manuzio,</subfield>
    <subfield code="b">Aldo</subfield>
    <subfield code="c"> &lt;il giovane&gt;</subfield>
    <subfield code="3">IT\ICCU\CNCA\000150</subfield>
  </datafield>
  <datafield tag="712" ind1="0" ind2="0">
    <subfield code="a">Salicato, Altobello</subfield>
    <subfield code="3">IT\ICCU\CNCT\000039</subfield>
    <subfield code="4">650</subfield>
  </datafield>
  <datafield tag="790" ind1=" " ind2="1">
    <subfield code="a">Manucci,</subfield>
    <subfield code="b">Aldo</subfield>
    <subfield code="3">IT\ICCU\CNCA\016427</subfield>
    <subfield code="z">Manuzio, Aldo &lt;il giovane&gt;</subfield>
  </datafield>
  <datafield tag="790" ind1=" " ind2="1">
    <subfield code="a">Manutius,</subfield>
    <subfield code="b">Aldus</subfield>
    <subfield code="c"> &lt;il giovane&gt;</subfield>
    <subfield code="3">IT\ICCU\CNCA\020915</subfield>
    <subfield code="z">Manuzio, Aldo &lt;il giovane&gt;</subfield>
  </datafield>
  <datafield tag="791" ind1="0" ind2="2">
    <subfield code="a">Officina Salicatiana</subfield>
    <subfield code="3">IT\ICCU\CNCT\002589</subfield>
    <subfield code="z">Salicato, Altobello</subfield>
  </datafield>
  <datafield tag="791" ind1="0" ind2="0">
    <subfield code="a">Salicatius, Altobellus</subfield>
    <subfield code="3">IT\ICCU\CNCT\005539</subfield>
    <subfield code="z">Salicato, Altobello</subfield>
  </datafield>
  <datafield tag="791" ind1="0" ind2="0">
    <subfield code="a">Salicatus, Altobellus</subfield>
    <subfield code="3">IT\ICCU\CNCT\005540</subfield>
    <subfield code="z">Salicato, Altobello</subfield>
  </datafield>
  <datafield tag="791" ind1="0" ind2="2">
    <subfield code="a">Libreria della Fortezza</subfield>
    <subfield code="3">IT\ICCU\CNCT\006497</subfield>
    <subfield code="z">Salicato, Altobello</subfield>
  </datafield>
  <datafield tag="801" ind1=" " ind2="3">
    <subfield code="a">IT</subfield>
    <subfield code="b">ICCU</subfield>
    <subfield code="c">20201115</subfield>
  </datafield>
  <datafield tag="899" ind1=" " ind2=" ">
    <subfield code="a">Biblioteca Oliveriana. Pesaro</subfield>
    <subfield code="1">PU0061</subfield>
    <subfield code="2">URB OL</subfield>
  </datafield>
  <datafield tag="899" ind1=" " ind2=" ">
    <subfield code="a">Biblioteca Casanatense. Roma</subfield>
    <subfield code="z">MUTILO</subfield>
    <subfield code="1">RM0313</subfield>
    <subfield code="2">RML 07</subfield>
  </datafield>
  <datafield tag="899" ind1=" " ind2=" ">
    <subfield code="a">Biblioteca nazionale Marciana. Venezia</subfield>
    <subfield code="z">MUTILO</subfield>
    <subfield code="1">VE0049</subfield>
    <subfield code="2">VEA BM</subfield>
  </datafield>
</record>
</collection>
